@inproceedings{島田滉己2020トポロジカルマップを用いたシナリオによるナビゲーションの提案,
  title={トポロジカルマップを用いたシナリオによるナビゲーションの提案―人が道案内に用いる情報の取得と評価―},
  author={島田滉己 and 上田隆一 and 林原靖男},
  booktitle={ロボティクス・メカトロニクス講演会講演概要集 2020},
  pages={2P1--K02},
  year={2020},
  organization={一般社団法人 日本機械学会}
}